{
    "symbol": "MNST",
    "annualReports": [
        {
            "fiscalDateEnding": "2022-12-31",
            "reportedCurrency": "USD",
            "grossProfit": "3174567000",
            "totalRevenue": "6273311000",
            "costOfRevenue": "3725328000",
            "costofGoodsAndServicesSold": "3136483000",
            "operatingIncome": "1584721000",
            "sellingGeneralAndAdministrative": "524800000",
            "researchAndDevelopment": "None",
            "operatingExpenses": "1589846000",
            "investmentIncomeNet": "None",
            "netInterestIncome": "-24000",
            "interestIncome": "None",
            "interestExpense": "24000",
            "nonInterestIncome": "6273335000",
            "otherNonOperatingIncome": "-12757000",
            "depreciation": "None",
            "depreciationAndAmortization": "61845000",
            "incomeBeforeTax": "1571964000",
            "incomeTaxExpense": "380340000",
            "interestAndDebtExpense": "24000",
            "netIncomeFromContinuingOperations": "1191624000",
            "comprehensiveIncomeNetOfTax": "1101716000",
            "ebit": "1584721000",
            "ebitda": "1633833000",
            "netIncome": "1191624000"
        },
        {
            "fiscalDateEnding": "2021-12-31",
            "reportedCurrency": "USD",
            "grossProfit": "3108513000",
            "totalRevenue": "5542046000",
            "costOfRevenue": "2971585000",
            "costofGoodsAndServicesSold": "2432839000",
            "operatingIncome": "1797467000",
            "sellingGeneralAndAdministrative": "488100000",
            "researchAndDevelopment": "None",
            "operatingExpenses": "1311046000",
            "investmentIncomeNet": "None",
            "netInterestIncome": "-19000",
            "interestIncome": "None",
            "interestExpense": "19000",
            "nonInterestIncome": "5542065000",
            "otherNonOperatingIncome": "3952000",
            "depreciation": "None",
            "depreciationAndAmortization": "50646000",
            "incomeBeforeTax": "1801419000",
            "incomeTaxExpense": "423944000",
            "interestAndDebtExpense": "19000",
            "netIncomeFromContinuingOperations": "1377475000",
            "comprehensiveIncomeNetOfTax": "1305276000",
            "ebit": "1797467000",
            "ebitda": "1852084000",
            "netIncome": "1377475000"
        },
        {
            "fiscalDateEnding": "2020-12-31",
            "reportedCurrency": "USD",
            "grossProfit": "2723880000",
            "totalRevenue": "4587749000",
            "costOfRevenue": "2357084000",
            "costofGoodsAndServicesSold": "1874758000",
            "operatingIncome": "1633153000",
            "sellingGeneralAndAdministrative": "416000000",
            "researchAndDevelopment": "None",
            "operatingExpenses": "1090727000",
            "investmentIncomeNet": "None",
            "netInterestIncome": "-39000",
            "interestIncome": "None",
            "interestExpense": "39000",
            "nonInterestIncome": "4587788000",
            "otherNonOperatingIncome": "-6996000",
            "depreciation": "None",
            "depreciationAndAmortization": "57626000",
            "incomeBeforeTax": "1626157000",
            "incomeTaxExpense": "216563000",
            "interestAndDebtExpense": "39000",
            "netIncomeFromContinuingOperations": "1409594000",
            "comprehensiveIncomeNetOfTax": "1445015000",
            "ebit": "1633153000",
            "ebitda": "1683822000",
            "netIncome": "1409594000"
        },
        {
            "fiscalDateEnding": "2019-12-31",
            "reportedCurrency": "USD",
            "grossProfit": "2518585000",
            "totalRevenue": "4196915000",
            "costOfRevenue": "2198370000",
            "costofGoodsAndServicesSold": "1682234000",
            "operatingIncome": "1402939000",
            "sellingGeneralAndAdministrative": "455000000",
            "researchAndDevelopment": "None",
            "operatingExpenses": "1115646000",
            "investmentIncomeNet": "None",
            "netInterestIncome": "-56000",
            "interestIncome": "13023000",
            "interestExpense": "56000",
            "nonInterestIncome": "4196971000",
            "otherNonOperatingIncome": "13023000",
            "depreciation": "None",
            "depreciationAndAmortization": "61136000",
            "incomeBeforeTax": "1415962000",
            "incomeTaxExpense": "308127000",
            "interestAndDebtExpense": "56000",
            "netIncomeFromContinuingOperations": "1107835000",
            "comprehensiveIncomeNetOfTax": "1108312000",
            "ebit": "1402939000",
            "ebitda": "1477154000",
            "netIncome": "1107835000"
        },
        {
            "fiscalDateEnding": "2018-12-31",
            "reportedCurrency": "USD",
            "grossProfit": "2295375000",
            "totalRevenue": "3803966000",
            "costOfRevenue": "2114308000",
            "costofGoodsAndServicesSold": "1511808000",
            "operatingIncome": "1283619000",
            "sellingGeneralAndAdministrative": "417100000",
            "researchAndDevelopment": "None",
            "operatingExpenses": "1011756000",
            "investmentIncomeNet": "None",
            "netInterestIncome": "9653000",
            "interestIncome": "9653000",
            "interestExpense": "None",
            "nonInterestIncome": "3803966000",
            "otherNonOperatingIncome": "9653000",
            "depreciation": "None",
            "depreciationAndAmortization": "56900000",
            "incomeBeforeTax": "1293272000",
            "incomeTaxExpense": "300268000",
            "interestAndDebtExpense": "None",
            "netIncomeFromContinuingOperations": "993004000",
            "comprehensiveIncomeNetOfTax": "976799000",
            "ebit": "1283619000",
            "ebitda": "1340519000",
            "netIncome": "993004000"
        }
    ],
    "quarterlyReports": [
        {
            "fiscalDateEnding": "2022-12-31",
            "reportedCurrency": "USD",
            "grossProfit": "784315000",
            "totalRevenue": "1474957000",
            "costOfRevenue": "1221746000",
            "costofGoodsAndServicesSold": "728616000",
            "operatingIncome": "394352000",
            "sellingGeneralAndAdministrative": "475600000",
            "researchAndDevelopment": "None",
            "operatingExpenses": "389963000",
            "investmentIncomeNet": "None",
            "netInterestIncome": "-6000",
            "interestIncome": "None",
            "interestExpense": "6000",
            "nonInterestIncome": "1474963000",
            "otherNonOperatingIncome": "-825000",
            "depreciation": "None",
            "depreciationAndAmortization": "15330000",
            "incomeBeforeTax": "393527000",
            "incomeTaxExpense": "91853000",
            "interestAndDebtExpense": "6000",
            "netIncomeFromContinuingOperations": "301674000",
            "comprehensiveIncomeNetOfTax": "367056000",
            "ebit": "394352000",
            "ebitda": "408863000",
            "netIncome": "301674000"
        },
        {
            "fiscalDateEnding": "2022-09-30",
            "reportedCurrency": "USD",
            "grossProfit": "833725000",
            "totalRevenue": "1624278000",
            "costOfRevenue": "822901000",
            "costofGoodsAndServicesSold": "790561000",
            "operatingIncome": "417930000",
            "sellingGeneralAndAdministrative": "16600000",
            "researchAndDevelopment": "None",
            "operatingExpenses": "415795000",
            "investmentIncomeNet": "None",
            "netInterestIncome": "-8000",
            "interestIncome": "None",
            "interestExpense": "8000",
            "nonInterestIncome": "1624286000",
            "otherNonOperatingIncome": "2149000",
            "depreciation": "None",
            "depreciationAndAmortization": "15740000",
            "incomeBeforeTax": "420079000",
            "incomeTaxExpense": "97692000",
            "interestAndDebtExpense": "8000",
            "netIncomeFromContinuingOperations": "322387000",
            "comprehensiveIncomeNetOfTax": "250890000",
            "ebit": "417930000",
            "ebitda": "435827000",
            "netIncome": "322387000"
        },
        {
            "fiscalDateEnding": "2022-06-30",
            "reportedCurrency": "USD",
            "grossProfit": "779861000",
            "totalRevenue": "1655253000",
            "costOfRevenue": "907647000",
            "costofGoodsAndServicesSold": "875399000",
            "operatingIncome": "372951000",
            "sellingGeneralAndAdministrative": "16300000",
            "researchAndDevelopment": "None",
            "operatingExpenses": "406910000",
            "investmentIncomeNet": "None",
            "netInterestIncome": "-7000",
            "interestIncome": "None",
            "interestExpense": "7000",
            "nonInterestIncome": "1655260000",
            "otherNonOperatingIncome": "-6781000",
            "depreciation": "None",
            "depreciationAndAmortization": "15948000",
            "incomeBeforeTax": "366170000",
            "incomeTaxExpense": "92810000",
            "interestAndDebtExpense": "7000",
            "netIncomeFromContinuingOperations": "273360000",
            "comprehensiveIncomeNetOfTax": "192548000",
            "ebit": "372951000",
            "ebitda": "382125000",
            "netIncome": "273360000"
        },
        {
            "fiscalDateEnding": "2022-03-31",
            "reportedCurrency": "USD",
            "grossProfit": "776667000",
            "totalRevenue": "1518577000",
            "costOfRevenue": "772934000",
            "costofGoodsAndServicesSold": "741907000",
            "operatingIncome": "399489000",
            "sellingGeneralAndAdministrative": "16300000",
            "researchAndDevelopment": "None",
            "operatingExpenses": "377178000",
            "investmentIncomeNet": "None",
            "netInterestIncome": "-3000",
            "interestIncome": "None",
            "interestExpense": "3000",
            "nonInterestIncome": "1518580000",
            "otherNonOperatingIncome": "-7299000",
            "depreciation": "None",
            "depreciationAndAmortization": "14727000",
            "incomeBeforeTax": "392189000",
            "incomeTaxExpense": "97986000",
            "interestAndDebtExpense": "3000",
            "netIncomeFromContinuingOperations": "294203000",
            "comprehensiveIncomeNetOfTax": "291223000",
            "ebit": "399489000",
            "ebitda": "406919000",
            "netIncome": "294203000"
        },
        {
            "fiscalDateEnding": "2021-12-31",
            "reportedCurrency": "USD",
            "grossProfit": "767580000",
            "totalRevenue": "1424769000",
            "costOfRevenue": "1105616000",
            "costofGoodsAndServicesSold": "657464000",
            "operatingIncome": "412880000",
            "sellingGeneralAndAdministrative": "435700000",
            "researchAndDevelopment": "None",
            "operatingExpenses": "354700000",
            "investmentIncomeNet": "None",
            "netInterestIncome": "-4000",
            "interestIncome": "None",
            "interestExpense": "4000",
            "nonInterestIncome": "1424773000",
            "otherNonOperatingIncome": "6131000",
            "depreciation": "None",
            "depreciationAndAmortization": "12452000",
            "incomeBeforeTax": "419011000",
            "incomeTaxExpense": "97697000",
            "interestAndDebtExpense": "4000",
            "netIncomeFromContinuingOperations": "321314000",
            "comprehensiveIncomeNetOfTax": "295644000",
            "ebit": "412880000",
            "ebitda": "431467000",
            "netIncome": "321314000"
        },
        {
            "fiscalDateEnding": "2021-09-30",
            "reportedCurrency": "USD",
            "grossProfit": "789158000",
            "totalRevenue": "1410551000",
            "costOfRevenue": "649537000",
            "costofGoodsAndServicesSold": "621399000",
            "operatingIncome": "444464000",
            "sellingGeneralAndAdministrative": "16700000",
            "researchAndDevelopment": "None",
            "operatingExpenses": "344694000",
            "investmentIncomeNet": "None",
            "netInterestIncome": "-6000",
            "interestIncome": "None",
            "interestExpense": "6000",
            "nonInterestIncome": "1410557000",
            "otherNonOperatingIncome": "-2290000",
            "depreciation": "None",
            "depreciationAndAmortization": "11438000",
            "incomeBeforeTax": "442174000",
            "incomeTaxExpense": "104969000",
            "interestAndDebtExpense": "6000",
            "netIncomeFromContinuingOperations": "337205000",
            "comprehensiveIncomeNetOfTax": "310532000",
            "ebit": "444464000",
            "ebitda": "453618000",
            "netIncome": "337205000"
        },
        {
            "fiscalDateEnding": "2021-06-30",
            "reportedCurrency": "USD",
            "grossProfit": "836838000",
            "totalRevenue": "1461929000",
            "costOfRevenue": "655218000",
            "costofGoodsAndServicesSold": "625096000",
            "operatingIncome": "525975000",
            "sellingGeneralAndAdministrative": "17300000",
            "researchAndDevelopment": "None",
            "operatingExpenses": "310863000",
            "investmentIncomeNet": "None",
            "netInterestIncome": "-5000",
            "interestIncome": "None",
            "interestExpense": "5000",
            "nonInterestIncome": "1461934000",
            "otherNonOperatingIncome": "872000",
            "depreciation": "None",
            "depreciationAndAmortization": "12822000",
            "incomeBeforeTax": "526847000",
            "incomeTaxExpense": "123085000",
            "interestAndDebtExpense": "5000",
            "netIncomeFromContinuingOperations": "403762000",
            "comprehensiveIncomeNetOfTax": "411814000",
            "ebit": "525975000",
            "ebitda": "539674000",
            "netIncome": "403762000"
        },
        {
            "fiscalDateEnding": "2021-03-31",
            "reportedCurrency": "USD",
            "grossProfit": "714935000",
            "totalRevenue": "1243900000",
            "costOfRevenue": "560215000",
            "costofGoodsAndServicesSold": "528881000",
            "operatingIncome": "414146000",
            "sellingGeneralAndAdministrative": "18400000",
            "researchAndDevelopment": "None",
            "operatingExpenses": "300789000",
            "investmentIncomeNet": "None",
            "netInterestIncome": "-4000",
            "interestIncome": "None",
            "interestExpense": "4000",
            "nonInterestIncome": "1243904000",
            "otherNonOperatingIncome": "-761000",
            "depreciation": "None",
            "depreciationAndAmortization": "12934000",
            "incomeBeforeTax": "413387000",
            "incomeTaxExpense": "98193000",
            "interestAndDebtExpense": "4000",
            "netIncomeFromContinuingOperations": "315194000",
            "comprehensiveIncomeNetOfTax": "287286000",
            "ebit": "414146000",
            "ebitda": "426325000",
            "netIncome": "315194000"
        },
        {
            "fiscalDateEnding": "2020-12-31",
            "reportedCurrency": "USD",
            "grossProfit": "690684000",
            "totalRevenue": "1196283000",
            "costOfRevenue": "884513000",
            "costofGoodsAndServicesSold": "505598000",
            "operatingIncome": "402301000",
            "sellingGeneralAndAdministrative": "363000000",
            "researchAndDevelopment": "None",
            "operatingExpenses": "288384000",
            "investmentIncomeNet": "None",
            "netInterestIncome": "-5000",
            "interestIncome": "None",
            "interestExpense": "5000",
            "nonInterestIncome": "1196283000",
            "otherNonOperatingIncome": "-7868000",
            "depreciation": "None",
            "depreciationAndAmortization": "14215000",
            "incomeBeforeTax": "619744000",
            "incomeTaxExpense": "-70940000",
            "interestAndDebtExpense": "5000",
            "netIncomeFromContinuingOperations": "690684000",
            "comprehensiveIncomeNetOfTax": "507299000",
            "ebit": "402301000",
            "ebitda": "633964000",
            "netIncome": "690684000"
        },
        {
            "fiscalDateEnding": "2020-09-30",
            "reportedCurrency": "USD",
            "grossProfit": "736531000",
            "totalRevenue": "1246353000",
            "costOfRevenue": "545308000",
            "costofGoodsAndServicesSold": "509831000",
            "operatingIncome": "458601000",
            "sellingGeneralAndAdministrative": "19500000",
            "researchAndDevelopment": "None",
            "operatingExpenses": "277930000",
            "investmentIncomeNet": "None",
            "netInterestIncome": "-9000",
            "interestIncome": "None",
            "interestExpense": "9000",
            "nonInterestIncome": "1246362000",
            "otherNonOperatingIncome": "None",
            "depreciation": "None",
            "depreciationAndAmortization": "12977000",
            "incomeBeforeTax": "454033000",
            "incomeTaxExpense": "106379000",
            "interestAndDebtExpense": "9000",
            "netIncomeFromContinuingOperations": "347654000",
            "comprehensiveIncomeNetOfTax": "368563000",
            "ebit": "458601000",
            "ebitda": "467019000",
            "netIncome": "347654000"
        },
        {
            "fiscalDateEnding": "2020-06-30",
            "reportedCurrency": "USD",
            "grossProfit": "659469000",
            "totalRevenue": "1093882000",
            "costOfRevenue": "466313000",
            "costofGoodsAndServicesSold": "434427000",
            "operatingIncome": "407264000",
            "sellingGeneralAndAdministrative": "15900000",
            "researchAndDevelopment": "None",
            "operatingExpenses": "252205000",
            "investmentIncomeNet": "None",
            "netInterestIncome": "-14000",
            "interestIncome": "None",
            "interestExpense": "14000",
            "nonInterestIncome": "1093896000",
            "otherNonOperatingIncome": "None",
            "depreciation": "None",
            "depreciationAndAmortization": "14986000",
            "incomeBeforeTax": "405468000",
            "incomeTaxExpense": "94099000",
            "interestAndDebtExpense": "14000",
            "netIncomeFromContinuingOperations": "311369000",
            "comprehensiveIncomeNetOfTax": "320613000",
            "ebit": "407264000",
            "ebitda": "420468000",
            "netIncome": "311369000"
        },
        {
            "fiscalDateEnding": "2020-03-31",
            "reportedCurrency": "USD",
            "grossProfit": "637196000",
            "totalRevenue": "1062144000",
            "costOfRevenue": "460449000",
            "costofGoodsAndServicesSold": "424901000",
            "operatingIncome": "364988000",
            "sellingGeneralAndAdministrative": "17100000",
            "researchAndDevelopment": "None",
            "operatingExpenses": "272208000",
            "investmentIncomeNet": "None",
            "netInterestIncome": "-11000",
            "interestIncome": "872000",
            "interestExpense": "11000",
            "nonInterestIncome": "1062155000",
            "otherNonOperatingIncome": "872000",
            "depreciation": "None",
            "depreciationAndAmortization": "15448000",
            "incomeBeforeTax": "365860000",
            "incomeTaxExpense": "87025000",
            "interestAndDebtExpense": "11000",
            "netIncomeFromContinuingOperations": "278835000",
            "comprehensiveIncomeNetOfTax": "248540000",
            "ebit": "364988000",
            "ebitda": "381319000",
            "netIncome": "278835000"
        },
        {
            "fiscalDateEnding": "2019-12-31",
            "reportedCurrency": "USD",
            "grossProfit": "610768000",
            "totalRevenue": "1017206000",
            "costOfRevenue": "830328000",
            "costofGoodsAndServicesSold": "406438000",
            "operatingIncome": "317045000",
            "sellingGeneralAndAdministrative": "408100000",
            "researchAndDevelopment": "None",
            "operatingExpenses": "293723000",
            "investmentIncomeNet": "None",
            "netInterestIncome": "-13000",
            "interestIncome": "4188000",
            "interestExpense": "13000",
            "nonInterestIncome": "1017206000",
            "otherNonOperatingIncome": "4187000",
            "depreciation": "None",
            "depreciationAndAmortization": "15790000",
            "incomeBeforeTax": "677047000",
            "incomeTaxExpense": "66279000",
            "interestAndDebtExpense": "13000",
            "netIncomeFromContinuingOperations": "610768000",
            "comprehensiveIncomeNetOfTax": "265650000",
            "ebit": "317045000",
            "ebitda": "692850000",
            "netIncome": "610768000"
        },
        {
            "fiscalDateEnding": "2019-09-30",
            "reportedCurrency": "USD",
            "grossProfit": "673002000",
            "totalRevenue": "1133564000",
            "costOfRevenue": "491247000",
            "costofGoodsAndServicesSold": "460575000",
            "operatingIncome": "395443000",
            "sellingGeneralAndAdministrative": "16000000",
            "researchAndDevelopment": "None",
            "operatingExpenses": "277559000",
            "investmentIncomeNet": "None",
            "netInterestIncome": "-13000",
            "interestIncome": "3121000",
            "interestExpense": "13000",
            "nonInterestIncome": "1133577000",
            "otherNonOperatingIncome": "3121000",
            "depreciation": "None",
            "depreciationAndAmortization": "14672000",
            "incomeBeforeTax": "398564000",
            "incomeTaxExpense": "99641000",
            "interestAndDebtExpense": "13000",
            "netIncomeFromContinuingOperations": "298923000",
            "comprehensiveIncomeNetOfTax": "284596000",
            "ebit": "395443000",
            "ebitda": "413249000",
            "netIncome": "298923000"
        },
        {
            "fiscalDateEnding": "2019-06-30",
            "reportedCurrency": "USD",
            "grossProfit": "661283000",
            "totalRevenue": "1104030000",
            "costOfRevenue": "474156000",
            "costofGoodsAndServicesSold": "442762000",
            "operatingIncome": "378990000",
            "sellingGeneralAndAdministrative": "15600000",
            "researchAndDevelopment": "None",
            "operatingExpenses": "282293000",
            "investmentIncomeNet": "None",
            "netInterestIncome": "-15000",
            "interestIncome": "2973000",
            "interestExpense": "15000",
            "nonInterestIncome": "1104045000",
            "otherNonOperatingIncome": "2973000",
            "depreciation": "None",
            "depreciationAndAmortization": "15794000",
            "incomeBeforeTax": "381963000",
            "incomeTaxExpense": "89490000",
            "interestAndDebtExpense": "15000",
            "netIncomeFromContinuingOperations": "292473000",
            "comprehensiveIncomeNetOfTax": "297842000",
            "ebit": "378990000",
            "ebitda": "397772000",
            "netIncome": "292473000"
        },
        {
            "fiscalDateEnding": "2019-03-31",
            "reportedCurrency": "USD",
            "grossProfit": "573532000",
            "totalRevenue": "946106000",
            "costOfRevenue": "402659000",
            "costofGoodsAndServicesSold": "372459000",
            "operatingIncome": "311461000",
            "sellingGeneralAndAdministrative": "15300000",
            "researchAndDevelopment": "None",
            "operatingExpenses": "262071000",
            "investmentIncomeNet": "None",
            "netInterestIncome": "-15000",
            "interestIncome": "2742000",
            "interestExpense": "15000",
            "nonInterestIncome": "946106000",
            "otherNonOperatingIncome": "2742000",
            "depreciation": "None",
            "depreciationAndAmortization": "14900000",
            "incomeBeforeTax": "314203000",
            "incomeTaxExpense": "52718000",
            "interestAndDebtExpense": "15000",
            "netIncomeFromContinuingOperations": "261485000",
            "comprehensiveIncomeNetOfTax": "260224000",
            "ebit": "311461000",
            "ebitda": "329118000",
            "netIncome": "261485000"
        },
        {
            "fiscalDateEnding": "2018-12-31",
            "reportedCurrency": "USD",
            "grossProfit": "552201000",
            "totalRevenue": "924229000",
            "costOfRevenue": "889628000",
            "costofGoodsAndServicesSold": "372028000",
            "operatingIncome": "306511000",
            "sellingGeneralAndAdministrative": "374700000",
            "researchAndDevelopment": "None",
            "operatingExpenses": "245691000",
            "investmentIncomeNet": "None",
            "netInterestIncome": "None",
            "interestIncome": "None",
            "interestExpense": "358000",
            "nonInterestIncome": "924229000",
            "otherNonOperatingIncome": "4384000",
            "depreciation": "None",
            "depreciationAndAmortization": "14400000",
            "incomeBeforeTax": "623989000",
            "incomeTaxExpense": "71788000",
            "interestAndDebtExpense": "None",
            "netIncomeFromContinuingOperations": "552201000",
            "comprehensiveIncomeNetOfTax": "236020000",
            "ebit": "306511000",
            "ebitda": "320911000",
            "netIncome": "552201000"
        },
        {
            "fiscalDateEnding": "2018-09-30",
            "reportedCurrency": "USD",
            "grossProfit": "607659000",
            "totalRevenue": "1016160000",
            "costOfRevenue": "436901000",
            "costofGoodsAndServicesSold": "408501000",
            "operatingIncome": "339573000",
            "sellingGeneralAndAdministrative": "14100000",
            "researchAndDevelopment": "None",
            "operatingExpenses": "268086000",
            "investmentIncomeNet": "None",
            "netInterestIncome": "None",
            "interestIncome": "None",
            "interestExpense": "112000",
            "nonInterestIncome": "1016160000",
            "otherNonOperatingIncome": "2988000",
            "depreciation": "None",
            "depreciationAndAmortization": "14300000",
            "incomeBeforeTax": "342561000",
            "incomeTaxExpense": "74828000",
            "interestAndDebtExpense": "None",
            "netIncomeFromContinuingOperations": "267733000",
            "comprehensiveIncomeNetOfTax": "263152000",
            "ebit": "339573000",
            "ebitda": "353873000",
            "netIncome": "267733000"
        },
        {
            "fiscalDateEnding": "2018-06-30",
            "reportedCurrency": "USD",
            "grossProfit": "620258000",
            "totalRevenue": "2031746000",
            "costOfRevenue": "424715000",
            "costofGoodsAndServicesSold": "395615000",
            "operatingIncome": "357621000",
            "sellingGeneralAndAdministrative": "14900000",
            "researchAndDevelopment": "None",
            "operatingExpenses": "262637000",
            "investmentIncomeNet": "None",
            "netInterestIncome": "None",
            "interestIncome": "None",
            "interestExpense": "324000",
            "nonInterestIncome": "1015873000",
            "otherNonOperatingIncome": "476000",
            "depreciation": "None",
            "depreciationAndAmortization": "14200000",
            "incomeBeforeTax": "358097000",
            "incomeTaxExpense": "87981000",
            "interestAndDebtExpense": "None",
            "netIncomeFromContinuingOperations": "270116000",
            "comprehensiveIncomeNetOfTax": "258641000",
            "ebit": "357621000",
            "ebitda": "371821000",
            "netIncome": "270116000"
        },
        {
            "fiscalDateEnding": "2018-03-31",
            "reportedCurrency": "USD",
            "grossProfit": "515257000",
            "totalRevenue": "1702029000",
            "costOfRevenue": "363064000",
            "costofGoodsAndServicesSold": "335664000",
            "operatingIncome": "279915000",
            "sellingGeneralAndAdministrative": "13400000",
            "researchAndDevelopment": "None",
            "operatingExpenses": "235342000",
            "investmentIncomeNet": "None",
            "netInterestIncome": "None",
            "interestIncome": "None",
            "interestExpense": "324000",
            "nonInterestIncome": "851108000",
            "otherNonOperatingIncome": "1805000",
            "depreciation": "None",
            "depreciationAndAmortization": "14000000",
            "incomeBeforeTax": "281720000",
            "incomeTaxExpense": "65670000",
            "interestAndDebtExpense": "None",
            "netIncomeFromContinuingOperations": "216050000",
            "comprehensiveIncomeNetOfTax": "218988000",
            "ebit": "279915000",
            "ebitda": "293915000",
            "netIncome": "216050000"
        }
    ]
}